<?xml version="1.0" encoding="UTF-8"?><collection xmlns="http://www.loc.gov/MARC21/slim"><record><leader>00522nam--2200169-i-4500</leader><controlfield tag="001">000028573</controlfield><controlfield tag="002">20161230</controlfield><controlfield tag="005">20161230201037</controlfield><controlfield tag="008">060222s1000------------r-----000-0-eng-d</controlfield><datafield ind1=" " ind2=" " tag="040"><subfield code="a">IFIN-HH</subfield></datafield><datafield ind1=" " ind2=" " tag="080"><subfield code="a">539.163.2:539.18</subfield></datafield><datafield ind1="1" ind2=" " tag="100"><subfield code="a">Herzberg, Gerhard</subfield></datafield><datafield ind1="1" ind2="0" tag="245"><subfield code="a">Atomic spectra and atomic structure</subfield><subfield code="c">Gerhard herzberg; translated with the co-operation of the author by j.w.t.spinks</subfield></datafield><datafield ind1=" " ind2=" " tag="260"><subfield code="a">New York</subfield><subfield code="b">Dover Publications</subfield><subfield code="c">1944</subfield></datafield><datafield ind1=" " ind2=" " tag="300"><subfield code="a">257P. + 80 FIG</subfield></datafield><datafield ind1=" " ind2=" " tag="852"><subfield code="a">135</subfield><subfield code="c">535.33</subfield></datafield><datafield ind1=" " ind2=" " tag="CAT"><subfield code="a">Sys</subfield><subfield code="c">20101130</subfield><subfield code="h">131218</subfield></datafield></record></collection>